<?xml version = "1.0" encoding = "UTF-8"?><record>
  <leader>01251njm#a2200337#c#4500</leader>
  <controlfield tag="005">20210409085923.0</controlfield>
  <controlfield tag="007">sd#u||||||||||</controlfield>
  <controlfield tag="008">140611|1988####xx#|||##############ger#c</controlfield>
  <controlfield tag="003">DE-605</controlfield>
  <controlfield tag="001">990204194190206441</controlfield>
  <datafield tag="028" ind1="5" ind2="2">
    <subfield code="a">UCD 16572</subfield>
  </datafield>
  <datafield tag="028" ind1="3" ind2="2">
    <subfield code="a">3298490165720</subfield>
  </datafield>
  <datafield tag="035" ind1=" " ind2=" ">
    <subfield code="a">(DE-605)HT018291103</subfield>
  </datafield>
  <datafield tag="040" ind1=" " ind2=" ">
    <subfield code="a">Kn 38</subfield>
    <subfield code="b">ger</subfield>
    <subfield code="e">rakwb</subfield>
  </datafield>
  <datafield tag="041" ind1=" " ind2=" ">
    <subfield code="a">ger</subfield>
  </datafield>
  <datafield tag="090" ind1=" " ind2=" ">
    <subfield code="b">f</subfield>
  </datafield>
  <datafield tag="100" ind1="1" ind2=" ">
    <subfield code="a">Weber, Carl Maria &lt;&lt;von&gt;&gt;</subfield>
    <subfield code="d">1786-1826</subfield>
    <subfield code="0">(DE-588)118629662</subfield>
    <subfield code="4">cre</subfield>
  </datafield>
  <datafield tag="240" ind1="1" ind2="0">
    <subfield code="a">Abu Hassan</subfield>
  </datafield>
  <datafield tag="245" ind1="1" ind2="0">
    <subfield code="a">Abu Hassan</subfield>
    <subfield code="h">Tontr&#228;ger</subfield>
    <subfield code="b">Op&#233;ra bouffe / comic opera / Komische Oper</subfield>
    <subfield code="c">Carl Maria von Weber</subfield>
  </datafield>
  <datafield tag="264" ind1=" " ind2="1">
    <subfield code="a">London</subfield>
    <subfield code="b">s. l.</subfield>
    <subfield code="c">c 1988</subfield>
  </datafield>
  <datafield tag="300" ind1=" " ind2=" ">
    <subfield code="a">1 CD</subfield>
  </datafield>
  <datafield tag="964" ind1="0" ind2="s">
    <subfield code="F">030</subfield>
    <subfield code="A">a|1uc||||||1|</subfield>
  </datafield>
  <datafield tag="964" ind1="0" ind2="s">
    <subfield code="F">050</subfield>
    <subfield code="A">|||||aj|||||||</subfield>
  </datafield>
  <datafield tag="964" ind1="0" ind2="s">
    <subfield code="F">051</subfield>
    <subfield code="A">m|||||||</subfield>
  </datafield>
  <datafield tag="700" ind1="1" ind2=" ">
    <subfield code="a">Ludwig, Leopold</subfield>
    <subfield code="d">1908-1979</subfield>
    <subfield code="0">(DE-588)118729497</subfield>
    <subfield code="4">cnd</subfield>
    <subfield code="4">prf</subfield>
    <subfield code="0">(uri) https://portal.dnb.de/opac.htm?method=simpleSearch&amp;cqlMode=true&amp;query=idn=118729497</subfield>
    <subfield code="0">(uri) http://viaf.org/viaf/sourceID/DNB|118729497</subfield>
  </datafield>
  <datafield tag="700" ind1="1" ind2=" ">
    <subfield code="a">Schwarzkopf, Elisabeth</subfield>
    <subfield code="d">1915-2006</subfield>
    <subfield code="0">(DE-588)118612085</subfield>
    <subfield code="4">sng</subfield>
    <subfield code="4">prf</subfield>
    <subfield code="e">Sopran</subfield>
    <subfield code="0">(uri) https://portal.dnb.de/opac.htm?method=simpleSearch&amp;cqlMode=true&amp;query=idn=118612085</subfield>
    <subfield code="0">(uri) http://viaf.org/viaf/sourceID/DNB|118612085</subfield>
  </datafield>
  <datafield tag="700" ind1="1" ind2=" ">
    <subfield code="a">Bohnen, Michael</subfield>
    <subfield code="d">1887-1965</subfield>
    <subfield code="0">(DE-588)116232862</subfield>
    <subfield code="4">oth</subfield>
    <subfield code="4">prf</subfield>
    <subfield code="e">Bass</subfield>
    <subfield code="0">(uri) https://portal.dnb.de/opac.htm?method=simpleSearch&amp;cqlMode=true&amp;query=idn=116232862</subfield>
    <subfield code="0">(uri) http://viaf.org/viaf/sourceID/DNB|116232862</subfield>
  </datafield>
  <datafield tag="700" ind1="1" ind2=" ">
    <subfield code="a">Witte, Erich</subfield>
    <subfield code="d">1911-2008</subfield>
    <subfield code="0">(DE-588)13489359X</subfield>
    <subfield code="4">sng</subfield>
    <subfield code="4">prf</subfield>
    <subfield code="e">Tenor</subfield>
    <subfield code="0">(uri) https://portal.dnb.de/opac.htm?method=simpleSearch&amp;cqlMode=true&amp;query=idn=13489359X</subfield>
    <subfield code="0">(uri) http://viaf.org/viaf/sourceID/DNB|13489359X</subfield>
  </datafield>
  <datafield tag="710" ind1="2" ind2=" ">
    <subfield code="a">Radio Berlin</subfield>
    <subfield code="4">prf</subfield>
  </datafield>
  <datafield tag="500" ind1=" " ind2=" ">
    <subfield code="a">P-Jahr: 1941</subfield>
    <subfield code="9">F:511</subfield>
  </datafield>
  <datafield tag="511" ind1="0" ind2=" ">
    <subfield code="a">Interpr.: Elisabeth Schwarzkopf, Sopr. Michael Bohnen, Bass. Erich Witte, Ten. Chor und Orchester Radio Berlin. Ludwig Leopold, Dir.</subfield>
  </datafield>
  <datafield tag="MBD" ind1=" " ind2=" ">
    <subfield code="M">49HBZ_NETWORK</subfield>
    <subfield code="i">990204194190206441</subfield>
    <subfield code="n">HBZ Network</subfield>
  </datafield>
  <datafield tag="MNG" ind1=" " ind2=" ">
    <subfield code="c">System</subfield>
    <subfield code="f">ILS</subfield>
    <subfield code="i">marc21</subfield>
    <subfield code="k">01</subfield>
    <subfield code="e">false</subfield>
    <subfield code="d">2022-06-18 04:07:14 Europe/Berlin</subfield>
    <subfield code="g">020419419-HBZ01</subfield>
    <subfield code="j">60</subfield>
    <subfield code="a">import</subfield>
    <subfield code="b">2021-04-06 03:09:45 Europe/Berlin</subfield>
  </datafield>
</record>